<?xml version="1.0" encoding="UTF-8"?><collection xmlns="http://www.loc.gov/MARC21/slim"><record><leader>00608nam--2200205-i-4500</leader><controlfield tag="001">000008270</controlfield><controlfield tag="002">20161230</controlfield><controlfield tag="005">20161230201027</controlfield><controlfield tag="008">060222s1000------------r-----000-0-eng-d</controlfield><datafield ind1=" " ind2=" " tag="020"><subfield code="a">0817632891</subfield></datafield><datafield ind1=" " ind2=" " tag="040"><subfield code="a">IFIN-HH</subfield></datafield><datafield ind1=" " ind2=" " tag="080"><subfield code="a">530(061.3)</subfield></datafield><datafield ind1="1" ind2=" " tag="100"><subfield code="a">Ceausescu, Valentin</subfield></datafield><datafield ind1="1" ind2="0" tag="245"><subfield code="a">Critical phenomena</subfield><subfield code="b">1983 brasov school conferecne</subfield><subfield code="c">Valentin ceausescu, gabriel costache, vladimir georgescu (eds.)</subfield></datafield><datafield ind1=" " ind2=" " tag="260"><subfield code="a">Birkhauser</subfield><subfield code="b">Boston</subfield><subfield code="c">1985</subfield></datafield><datafield ind1=" " ind2=" " tag="300"><subfield code="a">438P</subfield></datafield><datafield ind1=" " ind2=" " tag="490"><subfield code="a">Progress In Physics</subfield><subfield code="v">Vol. 11</subfield></datafield><datafield ind1="1" ind2=" " tag="700"><subfield code="a">Georgescu, Vladimir</subfield><subfield code="e">Ed</subfield></datafield><datafield ind1=" " ind2=" " tag="852"><subfield code="a">49139</subfield><subfield code="c">530.1</subfield></datafield><datafield ind1=" " ind2=" " tag="CAT"><subfield code="a">Sys</subfield><subfield code="c">20120720</subfield><subfield code="h">133854</subfield></datafield></record></collection>